<?xml version="1.0" encoding="UTF-8"?><collection xmlns="http://www.loc.gov/MARC21/slim"><record><leader>00380nam--2200133-i-4500</leader><controlfield tag="001">000014217</controlfield><controlfield tag="002">20161230</controlfield><controlfield tag="005">20161230201030</controlfield><controlfield tag="008">060222s1000------------r-----000-0-eng-d</controlfield><datafield ind1=" " ind2=" " tag="100"><subfield code="a">Cross, H.And Yariv, S</subfield></datafield><datafield ind1=" " ind2=" " tag="245"><subfield code="a">Geochemistry of colloid systems. for earth scientists. eith 86 figures</subfield></datafield><datafield ind1=" " ind2=" " tag="260"><subfield code="a">Berlin, Springer-verlag, 1979</subfield></datafield><datafield ind1=" " ind2=" " tag="490"><subfield code="a">Xii+450p</subfield></datafield><datafield ind1=" " ind2=" " tag="852"><subfield code="a">541.18:550.4:550.3</subfield></datafield></record></collection>